<?xml version="1.0" encoding="UTF-8"?><collection xmlns="http://www.loc.gov/MARC21/slim"><record><leader>00317nam--2200109-i-4500</leader><controlfield tag="001">000012836</controlfield><controlfield tag="002">20161230</controlfield><controlfield tag="005">20161230201030</controlfield><controlfield tag="008">060222s1000------------r-----000-0-eng-d</controlfield><datafield ind1=" " ind2=" " tag="245"><subfield code="a">Der grosse brockhaus. sechzehnte, vollig neubearbeitete auflage in zwolf banden</subfield></datafield><datafield ind1=" " ind2=" " tag="260"><subfield code="a">Wiesbaden, F.A.Brockhaus, 1953-1956</subfield></datafield><datafield ind1=" " ind2=" " tag="852"><subfield code="a">D.8</subfield></datafield></record></collection>